<record><leader>00000cas a22000007a 4500</leader><controlfield tag="001">19467073</controlfield><controlfield tag="008">890328d18631870pauwr ne      0    0eng d</controlfield><datafield ind1=" " ind2=" " tag="010"><subfield code="a">sn 89077766 </subfield></datafield><datafield ind1=" " ind2=" " tag="040"><subfield code="a">NPH</subfield><subfield code="b">eng</subfield><subfield code="c">NPH</subfield><subfield code="d">OCLCQ</subfield></datafield><datafield ind1=" " ind2=" " tag="042"><subfield code="a">msc</subfield></datafield><datafield ind1="0" ind2="0" tag="245"><subfield code="a">Venango Republican.</subfield></datafield><datafield ind1="1" ind2="3" tag="246"><subfield code="a">Weekly Venango Republican</subfield></datafield><datafield ind1=" " ind2=" " tag="260"><subfield code="a">Oil City, Venango County, Pa. :</subfield><subfield code="b">Cone &amp; Davis</subfield></datafield><datafield ind1=" " ind2=" " tag="300"><subfield code="a">v.</subfield></datafield><datafield ind1=" " ind2=" " tag="310"><subfield code="a">Weekly</subfield></datafield><datafield ind1="1" ind2=" " tag="362"><subfield code="a">Began in 1863; ceased in 1870?</subfield></datafield><datafield ind1=" " ind2=" " tag="500"><subfield code="a">"Continuation of the Oil City weekly monitor."</subfield></datafield><datafield ind1=" " ind2=" " tag="588"><subfield code="a">Description based on: Vol. 1, no. 40 (Feb. 19, 1868).</subfield></datafield><datafield ind1=" " ind2=" " tag="752"><subfield code="a">United States</subfield><subfield code="b">Pennsylvania</subfield><subfield code="c">Venango</subfield><subfield code="d">Oil City.</subfield></datafield><datafield ind1="0" ind2="0" tag="780"><subfield code="t">Oil City weekly monitor</subfield></datafield></record>